@misc{matsumoto2002ruby,
  title={Ruby programming language},
  author={Matsumoto, Yukio and Ishituka, K},
  year={2002},
  publisher={Addison Wesley Publishing Company}
}

@misc{web:rubylang,
      author={Members of the Ruby community},
      title={About Ruby},
      howpublished={\url{https://www.ruby-lang.org/en/about/}},
      note={[Online, 20.2.2017]}
}

@article{otte2009version,
  title={Version control systems},
  author={Otte, Stefan},
  journal={Computer Systems and Telematics, Institute of Computer Science, Freie Universit{\"a}t, Berlin, Germany},
  year={2009}
}

@misc{web:phusion-passenger,
      author={Phusion Holding B.V.},
      title={Installing Passenger + Nginx on Debian 8 (with APT) - Passenger Library},
      howpublished={\url{https://www.phusionpassenger.com/library/install/nginx/install/oss/jessie/}},
      note={[Online, 20.3.2017]}
}

@misc{web:turbolinks,
      author={Basecamp, LLC},
      title={Turbolinks makes navigating your web application faster},
      howpublished={\url{https://github.com/turbolinks/turbolinks}},
      note={[Online, 22.2.2017]}
}